%%%% HISTORY %%%%
@article{flood1956traveling,
  title={The traveling-salesman problem},
  author={Flood, Merrill M},
  journal={Operations Research},
  volume={4},
  number={1},
  pages={61--75},
  year={1956},
  publisher={INFORMS}
}

@article{dantzig1959truck,
  title={The truck dispatching problem},
  author={Dantzig, George B and Ramser, John H},
  journal={Management science},
  volume={6},
  number={1},
  pages={80--91},
  year={1959},
  publisher={Informs}
}