%%%% HISTORY %%%%
@article{flood1956traveling,
  title={The traveling-salesman problem},
  author={Flood, Merrill M},
  journal={Operations Research},
  volume={4},
  number={1},
  pages={61--75},
  year={1956},
  publisher={INFORMS}
}

@article{dantzig1959truck,
  title={The truck dispatching problem},
  author={Dantzig, George B and Ramser, John H},
  journal={Management science},
  volume={6},
  number={1},
  pages={80--91},
  year={1959},
  publisher={Informs}
}




%%%%%% Savings %%%%%%%%

@article{reimann2004d,
  title={D-ants: Savings based ants divide and conquer the vehicle routing problem},
  author={Reimann, Marc and Doerner, Karl and Hartl, Richard F},
  journal={Computers \& Operations Research},
  volume={31},
  number={4},
  pages={563--591},
  year={2004},
  publisher={Elsevier}
}



%%%%%%%% Sweep %%%%%%%%%%

@article{gillett1974heuristic,
  title={A heuristic algorithm for the vehicle-dispatch problem},
  author={Gillett, Billy E and Miller, Leland R},
  journal={Operations research},
  volume={22},
  number={2},
  pages={340--349},
  year={1974},
  publisher={INFORMS}
}






%%%%% Classic VRP sources %%%%%%%


@article{laporte2007you,
  title={What you should know about the vehicle routing problem},
  author={Laporte, Gilbert},
  journal={Naval Research Logistics (NRL)},
  volume={54},
  number={8},
  pages={811--819},
  year={2007},
  publisher={Wiley Online Library}
}



@article{laporte2000classical,
  title={Classical and modern heuristics for the vehicle routing problem},
  author={Laporte, Gilbert and Gendreau, Michel and Potvin, J-Y and Semet, Fr{\'e}d{\'e}ric},
  journal={International transactions in operational research},
  volume={7},
  number={4-5},
  pages={285--300},
  year={2000},
  publisher={Wiley Online Library}
}




%%%%% Heterogenous fleet VRP %%%%%%

@article{gendreau1999tabu,
  title={A tabu search heuristic for the heterogeneous fleet vehicle routing problem},
  author={Gendreau, Michel and Laporte, Gilbert and Musaraganyi, Christophe and Taillard, {\'E}ric D},
  journal={Computers \& Operations Research},
  volume={26},
  number={12},
  pages={1153--1173},
  year={1999},
  publisher={Elsevier}
}





%%%%% multi depot VRP %%%%%%


@article{salhi2014multi,
  title={The multi-depot vehicle routing problem with heterogeneous vehicle fleet: Formulation and a variable neighborhood search implementation},
  author={Salhi, Said and Imran, Arif and Wassan, Niaz A},
  journal={Computers \& Operations Research},
  volume={52},
  pages={315--325},
  year={2014},
  publisher={Elsevier}
}


@article{contardo2014new,
  title={A new exact algorithm for the multi-depot vehicle routing problem under capacity and route length constraints},
  author={Contardo, Claudio and Martinelli, Rafael},
  journal={Discrete Optimization},
  volume={12},
  pages={129--146},
  year={2014},
  publisher={Elsevier}
}



%%%%% Time windows %%%%%%

@article{ghoseiri2010multi,
  title={Multi-objective vehicle routing problem with time windows using goal programming and genetic algorithm},
  author={Ghoseiri, Keivan and Ghannadpour, Seyed Farid},
  journal={Applied Soft Computing},
  volume={10},
  number={4},
  pages={1096--1107},
  year={2010},
  publisher={Elsevier}
}

@article{solomon1987algorithms,
  title={Algorithms for the vehicle routing and scheduling problems with time window constraints},
  author={Solomon, Marius M},
  journal={Operations research},
  volume={35},
  number={2},
  pages={254--265},
  year={1987},
  publisher={Informs}
}

@book{cordeau2000vrp,
  title={The VRP with time windows},
  author={Cordeau, Jean-Fran{\c{c}}ois and Groupe d'{\'e}tudes et de recherche en analyse des d{\'e}cisions (Montr{\'e}al, Qu{\'e}bec)},
  year={2000},
  publisher={Montr{\'e}al: Groupe d'{\'e}tudes et de recherche en analyse des d{\'e}cisions}
}

@article{yu2011ant,
  title={An ant colony optimization model: The period vehicle routing problem with time windows},
  author={Yu, Bin and Yang, Zhong Zhen},
  journal={Transportation Research Part E: Logistics and Transportation Review},
  volume={47},
  number={2},
  pages={166--181},
  year={2011},
  publisher={Elsevier}
}



%%%%%% Pickup and delivery %%%%%%%%%%

@book{desaulniers2000vrp,
  title={The VRP with pickup and delivery},
  author={Desaulniers, Guy and Groupe d'{\'e}tudes et de recherche en analyse des d{\'e}cisions (Montr{\'e}al, Qu{\'e}bec)},
  year={2000},
  publisher={Montr{\'e}al: Groupe d'{\'e}tudes et de recherche en analyse des d{\'e}cisions}
}



%%%%%%% periodic %%%%%%%%%

@article{blakeley2003optimizing,
  title={Optimizing periodic maintenance operations for Schindler Elevator Corporation},
  author={Blakeley, Fred and Arg{\"u}ello, Bur{\c{c}}in and Cao, Buyang and Hall, Wolfgang and Knolmajer, Joseph},
  journal={Interfaces},
  volume={33},
  number={1},
  pages={67--79},
  year={2003},
  publisher={INFORMS}
}


%%%%%%% LRP %%%%%%%%%%%

@article{tuzun1999two,
  title={A two-phase tabu search approach to the location routing problem},
  author={Tuzun, Dilek and Burke, Laura I},
  journal={European journal of operational research},
  volume={116},
  number={1},
  pages={87--99},
  year={1999},
  publisher={Elsevier}
}



@incollection{hassanzadeh2009location,
  title={Location-routing problem},
  author={Hassanzadeh, Anahita and Mohseninezhad, Leyla and Tirdad, Ali and Dadgostari, Faraz and Zolfagharinia, Hossein},
  booktitle={Facility Location},
  pages={395--417},
  year={2009},
  publisher={Springer}
}







%%%%%%%%% Green VRP %%%%%%%%%%

@article{montoya2015literature,
  title={A literature review on the vehicle routing problem with multiple depots},
  author={Montoya-Torres, Jairo R and Franco, Juli{\'a}n L{\'o}pez and Isaza, Santiago Nieto and Jim{\'e}nez, Heriberto Felizzola and Herazo-Padilla, Nilson},
  journal={Computers \& Industrial Engineering},
  volume={79},
  pages={115--129},
  year={2015},
  publisher={Elsevier}
}


@article{erdougan2012green,
  title={A green vehicle routing problem},
  author={Erdo{\u{g}}an, Sevgi and Miller-Hooks, Elise},
  journal={Transportation Research Part E: Logistics and Transportation Review},
  volume={48},
  number={1},
  pages={100--114},
  year={2012},
  publisher={Elsevier}
}




%%%%%%%% JAVA GLORY RUIN AND RECREATE %%%%%%%%%

@article{schrimpf2000record,
  title={Record breaking optimization results using the ruin and recreate principle},
  author={Schrimpf, Gerhard and Schneider, Johannes and Stamm-Wilbrandt, Hermann and Dueck, Gunter},
  journal={Journal of Computational Physics},
  volume={159},
  number={2},
  pages={139--171},
  year={2000},
  publisher={Elsevier}
}


@article{pisinger2007general,
  title={A general heuristic for vehicle routing problems},
  author={Pisinger, David and Ropke, Stefan},
  journal={Computers \& operations research},
  volume={34},
  number={8},
  pages={2403--2435},
  year={2007},
  publisher={Elsevier}
}



%%%%%%%%%%%%% URLs %%%%%%%%%%%%%%%%%%

@misc{mapquest,
  title = {{MapQuest}},
  howpublished = {\url{https://developer.mapquest.com/}},
  note = {Accessed: 2016-10-07}
}

@misc{vrph,
  title = {{VRPH}},
  howpublished = {\url{https://sites.google.com/site/vrphlibrary/}},
  note = {Accessed: 2016-10-07}
}

@misc{googleor,
  title = {{Google OR Tools}},
  howpublished = {\url{https://github.com/google/or-tools}},
  note = {Accessed: 2016-10-07}
}

@misc{openvrp,
  title = {{Open-VRP}},
  howpublished = {\url{https://github.com/mck-/Open-VRP}},
  note = {Accessed: 2016-10-07}
}

@misc{vroom,
  title = {{VROOM}},
  howpublished = {\url{https://github.com/VROOM-Project/vroom}},
  note = {Accessed: 2016-10-07}
}

@misc{optaplanner,
  title = {{OptaPlanner}},
  howpublished = {\url{https://www.optaplanner.org}},
  note = {Accessed: 2016-10-07}
}



